





\bibitem{DH_Matlab_calc}
\href{./DH_calculations.m}{Matlab Denavit Hartenberg calculations}












\bibitem{}
\href{https://www.diva-portal.org/smash/get/diva2:1462059/FULLTEXT01.pdf}{Alexander Wallen Kiessling, Niclas Maatta (2020) Anthropomorphic Robot Arm}

%https://www.researchgate.net/publication/258995388_A_Historical_Perspective_of_Legged_Robots
@Book{history,
author = {Manuel F. Silva, J. A. Tenreiro Machado},
title = { A Historical Perspective of Legged Robots},
year = {2006},
langid = {english},
}

%http://www.romela.org/wp-content/uploads/2015/05/Forward-and-Inverse-Displacement-Analysis-of-a-Novel-Three-Legged-Mobile-Robot-Based-on-the-Kinematics-of-In-Parallel-Manipulators.pdf
@Book{strider,
author = {Ping Ren, Ivette Morazzani, Dennis Hong},
title = {Forward and Inverse Displacement Analysis of a Novel Three Legged Mobile Robot Based on the Kinematics of In Parallel Manipulators},
year = {2007},
langid = {english},
}

%https://www.jstage.jst.go.jp/article/jrobomech/29/3/29_528/_pdf}{ (2017)
@Book{Triped_Martian,
author = {Yoichi Masuda, Masato Ishikawa},
title = {Simplified Triped Robot for Analysis of Three-Dimensional Gait Generation},
year = {2017},
langid = {english},
}




%https://books.google.pl/books?id=UzZ3LAYqvRkC&redir_esc=y
@Book{robot_manipulators,
author = {Richard P. Paul},
title = {Robot Manipulators: Mathematics, Programming, and Control : the Computer Control of Robot Manipulators},
year = {1981},
langid = {english},
}



%http://staff.uz.zgora.pl/wpaszke/materialy/air/PRwyklad_4.pdf
@Book{DH_wpaszke_wyklad,
author = {Wojciech Paszke},
title = {Kinematyka prosta: reprezentacja Denavita-Hartenberga},
}


%https://automaticaddison.com/how-to-find-denavit-hartenberg-parameter-tables/
@Book{DH_AA_article,
author = {automaticaddison},
title = {How to Find Denavit-Hartenberg Parameter Tables, blogpost by Automatic Addison},
year = {2020},
}

%https://automaticaddison.com/homogeneous-transformation-matrices-using-denavit-hartenberg/
@Book{DH_matrix_AA_article,
author = {automaticaddison},
title = {Homogeneous Transformation Matrices Using Denavit-Hartenberg, blogpost by Automatic Addison},
year = {2020},
}

%https://sj.umg.edu.pl/sites/default/files/ZN20.pdf
@Book{SCARA_model,
author = {Adam Labuda, Janusz Pomirski, Andrzej Rak},
title = {Model manipulatora o dwóch stopniach swobody},
year = {2009},
langid = {polish},
}

%https://robotacademy.net.au/lesson/inverse-kinematics-for-a-2-joint-robot-arm-using-geometry/

%https://raspberryexpert.com/raspberry-pi-4-power-requirements/
@TechReport{RPI_power_sup,
title = {Raspberry Pi 4 Power Requirements: Everything You Need to Know},
organization = {raspberryexpert},
author = {Vishnu Mohan},
year = {2022},
}

%https://www.pololu.com/blog/16/electrical-characteristics-of-servos-and-introduction-to-the-servo-control-interface
@TechReport{Servo_power_sup,
title = {Electrical characteristics of servos and introduction to the servo control interface},
organization = {Polulu},
year = {2011}
}


%https://docs.ros.org/en/humble/index.html
@TechReport{ROS_docs,
title = {Dokumentacja środowiska ROS2 Humble},
organization = {Open Robotics},
year = {2022}
}

%https://github.com/FRC4564/Maestro/blob/master/maestro.py
@TechReport{maestro_pylib,
title = {Biblioteka Python Maestro},
}




@InProceedings{PeDa04,
author = {Peleska, J. and Große, D. and Haxthausen, A. E. and Drechsler, R.},
title = {Automated Verification for Train Control Systems},
booktitle = {Proc. of the 5th Symposium on Formal Methods for Automation and Safety in Railway and Automotive Systems (FORMS/FORMAT 2004)},
year = {2004},
pages = {252--265},
address = {Braunschweig, Germany},
month = {December}
}

@TechReport{BuDoVa03,
author = {Burns, A. and Dobbing, B. and Vardanega, T.},
title = {Guide for the Use of the Ada Ravenscar Profile in High Integrity Systems},
institution = {University of York},
year = {2003},
number = {YCS-2003-348}
}



@manual{Alvis2011,
	organization = {AGH University of Science and Technology},
	year = {2011},
	title = {{On Line Alvis Manual}},
	note = {\\\texttt{http://fm.ia.agh.edu.pl/alvis:manual}},
	author = {Szpyrka, M.},

	langid = {english},
}
